@article{Lee2015,
    title = {{A discrete-forcing immersed boundary method for the fluid-structure interaction of an elastic slender body}},
    year = {2015},
    journal = {Journal of Computational Physics},
    author = {Lee, Injae and Choi, Haecheon},
    pages = {529--546},
    volume = {280},
    publisher = {Elsevier Inc.},
    url = {http://dx.doi.org/10.1016/j.jcp.2014.09.028},
    doi = {10.1016/j.jcp.2014.09.028},
    issn = {10902716},
    keywords = {CFL number, Discrete forcing, Elastic slender body, Fluid-structure interaction, Immersed boundary method}
}

@article{Colonius2008,
    title = {{A fast immersed boundary method using a nullspace approach and multi-domain far-field boundary conditions}},
    year = {2008},
    journal = {Computer Methods in Applied Mechanics and Engineering},
    author = {Colonius, Tim and Taira, Kunihiko},
    number = {25-28},
    pages = {2131--2146},
    volume = {197},
    doi = {10.1016/j.cma.2007.08.014},
    issn = {00457825},
    keywords = {Far-field boundary conditions, Fast Poisson solver, Finite volume method, Fractional step method, Immersed boundary method, Incompressible viscous flow, Multi-domain method, Nullspace method, Projection method, Vorticity/streamfunction formulation}
}

@article{Maertens2015,
    title = {{Accurate Cartesian-grid simulations of near-body flows at intermediate Reynolds numbers}},
    year = {2015},
    journal = {Computer Methods in Applied Mechanics and Engineering},
    author = {Maertens, Audrey P. and Weymouth, Gabriel D.},
    pages = {106--129},
    volume = {283},
    publisher = {Elsevier B.V.},
    url = {http://dx.doi.org/10.1016/j.cma.2014.09.007},
    doi = {10.1016/j.cma.2014.09.007},
    issn = {00457825},
    keywords = {Airfoil, Cartesian-grid, Fluid-body interactions, Immersed boundary method, Intermediate Reynolds numbers, Sharp edge}
}

@article{Mittal2005,
    title = {{Immersed Boundary Methods}},
    year = {2005},
    journal = {Annual Review of Fluid Mechanics},
    author = {Mittal, Rajat and Iaccarino, Gianluca},
    number = {1},
    pages = {239--261},
    volume = {37},
    isbn = {0307-904X},
    doi = {10.1146/annurev.fluid.37.061903.175743},
    issn = {0066-4189},
    pmid = {4206888},
    arxivId = {1007.1228}
}

@article{Lauber2022,
    title = {{Immersed boundary simulations of flows driven by moving thin membranes}},
    year = {2022},
    journal = {Journal of Computational Physics},
    author = {Lauber, Marin and Weymouth, Gabriel D. and Limbert, Georges},
    month = {5},
    pages = {111076},
    volume = {457},
    publisher = {Academic Press},
    doi = {10.1016/J.JCP.2022.111076},
    issn = {0021-9991},
    arxivId = {2110.06535}
}

@article{Gresho1987,
    title = {{On pressure boundary conditions for the incompressible Navier‐Stokes equations}},
    year = {1987},
    journal = {International Journal for Numerical Methods in Fluids},
    author = {Gresho, Philip M. and Sani, Robert L.},
    number = {10},
    pages = {1111--1145},
    volume = {7},
    doi = {10.1002/fld.1650071008},
    issn = {10970363},
    keywords = {Boundary conditions, Incompressible flow, Navier‐Stokes equations, Pressure Poisson equation}
}

@article{Fernando2020,
    title = {{On the limits of added-mass theory in separated flows and with varying initial conditions}},
    year = {2020},
    journal = {Journal of Fluids and Structures},
    author = {Fernando, J. N. and Weymouth, Gabriel D. and Rival, D. E.},
    pages = {102835},
    volume = {93},
    publisher = {Elsevier Inc.},
    url = {https://doi.org/10.1016/j.jfluidstructs.2019.102835},
    doi = {10.1016/j.jfluidstructs.2019.102835},
    issn = {10958622},
    keywords = {Separated flows, Swimming/flying, Vortex dynamics}
}

@article{Peskin2010,
    title = {{The immersed boundary method}},
    year = {2010},
    journal = {Acta Numerica 2002},
    author = {Peskin, Charles S.},
    pages = {479--518},
    isbn = {1064827500},
    doi = {10.1017/cbo9780511550140.007},
    issn = {0962-4929},
    arxivId = {arXiv:1304.0804v2}
}

@article{Taira2007,
    title = {{The immersed boundary method: A projection approach}},
    year = {2007},
    journal = {Journal of Computational Physics},
    author = {Taira, Kunihiko and Colonius, Tim},
    number = {2},
    pages = {2118--2137},
    volume = {225},
    doi = {10.1016/j.jcp.2007.03.005},
    issn = {00219991},
    keywords = {Finite-volume method, Fractional step method, Immersed boundary method, Incompressible viscous flow, Projection method, Staggered grid}
}

@article{Chorin1967,
    title = {{The numerical solution of the Navier-Stokes equations for an incompressible fluid}},
    year = {1967},
    journal = {Bulletin of the American Mathematical Society},
    author = {Chorin, Alexandre Joel},
    number = {6},
    pages = {928--931},
    volume = {73},
    doi = {10.1016/0045-7930(73)90010-8},
    issn = {00457930}
}

@techreport{Cheng1999ADimensions,
    title = {{A Fast Adaptive Multipole Algorithm in Three Dimensions}},
    year = {1999},
    booktitle = {Journal of Computational Physics},
    author = {Cheng, H and Greengard, L and Rokhlin, V},
    pages = {468--498},
    volume = {155},
    url = {http://www.idealibrary.comon},
    keywords = {Laplace equation, adaptivealgorithms, fast multipole method, translation operators}
}

@article{Liska2017AFunctions,
    title = {{A fast immersed boundary method for external incompressible viscous flows using lattice Green's functions}},
    year = {2017},
    journal = {Journal of Computational Physics},
    author = {Liska, Sebastian and Colonius, Tim},
    month = {2},
    pages = {257--279},
    volume = {331},
    publisher = {Academic Press Inc.},
    doi = {10.1016/j.jcp.2016.11.034},
    issn = {10902716},
    arxivId = {1604.01814},
    keywords = {Difference equations, Immersed boundary method, Incompressible viscous flow, Lattice Green's function, Projection method, Unbounded domain}
}

@article{Liska2016ADomains,
    title = {{A fast lattice Green's function method for solving viscous incompressible flows on unbounded domains}},
    year = {2016},
    journal = {Journal of Computational Physics},
    author = {Liska, Sebastian and Colonius, Tim},
    pages = {360--384},
    volume = {316},
    url = {www.elsevier.com/locate/jcp},
    doi = {10.1016/j.jcp.2016.04.023},
    keywords = {Elliptic solver, Green's function, Half-explicit, Incompressible viscous flow, Integrating factor, Kutta, Lattice, Projection method, Runge-, Unbounded domain}
}

@article{Liska2014AEquations,
    title = {{A parallel fast multipole method for elliptic difference equations}},
    year = {2014},
    journal = {Journal of Computational Physics},
    author = {Liska, Sebastian and Colonius, Tim},
    month = {12},
    pages = {76--91},
    volume = {278},
    publisher = {Academic Press Inc.},
    doi = {10.1016/j.jcp.2014.07.048},
    issn = {10902716},
    arxivId = {1402.6081},
    keywords = {Difference equation, Discrete operator, Elliptic solver, Fast convolution, Fast multipole method, Green's function, Infinite domain, Parallel computing}
}

@article{Colonius2002ADomains,
    title = {{A Super-Grid-Scale Model for Simulating Compressible Flow on Unbounded Domains}},
    year = {2002},
    journal = {Journal of Computational Physics},
    author = {Colonius, Tim and Ran, Hongyu},
    number = {1},
    month = {10},
    pages = {191--212},
    volume = {182},
    publisher = {Academic Press},
    doi = {10.1006/JCPH.2002.7161},
    issn = {0021-9991}
}

@article{Billuart2023AFlows,
    title = {{A weak coupling between a near-wall Eulerian solver and a Vortex Particle-Mesh method for the efficient simulation of 2D external flows}},
    year = {2023},
    journal = {Journal of Computational Physics},
    author = {Billuart, P. and Duponcheel, M. and Winckelmans, G. and Chatelain, P.},
    month = {1},
    volume = {473},
    publisher = {Academic Press Inc.},
    doi = {10.1016/j.jcp.2022.111726},
    issn = {10902716},
    keywords = {Body-fitted solver, Coupled method, Incompressible external flows, Vortex Particle-Mesh method}
}

@article{Weymouth2022Data-drivenProjection,
    title = {{Data-driven Multi-Grid solver for accelerated pressure projection}},
    year = {2022},
    journal = {Computers {\&} Fluids},
    author = {Weymouth, Gabriel D.},
    month = {10},
    pages = {105620},
    volume = {246},
    publisher = {Pergamon},
    doi = {10.1016/J.COMPFLUID.2022.105620},
    issn = {0045-7930},
    arxivId = {2110.11029},
    keywords = {Data-driven, Linear algebra, Pressure projection}
}

@article{Chen1993DevelopmentMotion,
    title = {{Development of the wake behind a circular cylinder impulsively started into rotatory and rectilinear motion}},
    year = {1993},
    journal = {Journal of Fluid Mechanics},
    author = {Chen, Yen Ming and ou, Yuh Roung and ou, Yuh Roung},
    number = {II},
    pages = {449--484},
    volume = {253},
    doi = {10.1017/S0022112093001867},
    issn = {14697645}
}

@article{Reijtenbagh2023DragAcceleration,
    title = {{Drag Force on a Starting Plate Scales with the Square Root of Acceleration}},
    year = {2023},
    journal = {Physical Review Letters},
    author = {Reijtenbagh, J. and Tummers, M. J. and Westerweel, J.},
    number = {17},
    month = {4},
    volume = {130},
    publisher = {American Physical Society},
    doi = {10.1103/PhysRevLett.130.174001},
    issn = {10797114},
    pmid = {37172238}
}

@article{Wang1999EfficientDomain,
    title = {{Efficient Implementation of the Exact Numerical Far Field Boundary Condition for Poisson Equation on an Infinite Domain}},
    year = {1999},
    journal = {Journal of Computational Physics},
    author = {Wang, Z. Jane},
    number = {2},
    month = {8},
    pages = {666--670},
    volume = {153},
    publisher = {Academic Press},
    doi = {10.1006/JCPH.1999.6289},
    issn = {0021-9991},
    keywords = {Far field boundary conditions, Poisson equation}
}

@article{Shusser2000EnergyRing,
    title = {{Energy and velocity of a forming vortex ring : Energy and velocity of a forming vortex ring}},
    year = {2000},
    journal = {Physics of Fluids},
    author = {Shusser, Michael and Gharib, Morteza},
    pages = {618--621},
    volume = {12},
    url = {https://doi.org/10.1063/1.870268},
    doi = {10.1063/1.870268}
}

@book{Eldredge2019MathematicalFlows,
    title = {{Mathematical Modeling of Unsteady Inviscid Flows}},
    year = {2019},
    author = {Eldredge, Jeff D.},
    edition = {Springer},
    url = {http://www.springer.com/series/1390}
}

@article{Colonius2004ModelingFlow,
    title = {{Modeling artificial boundary conditions for compressible flow}},
    year = {2004},
    journal = {Annual Review of Fluid Mechanics},
    author = {Colonius, Tim},
    pages = {315--345},
    volume = {36},
    publisher = {Annual Reviews Inc.},
    doi = {10.1146/annurev.fluid.36.050802.121930},
    issn = {00664189},
    keywords = {Absorbing, Direct numerical simulation, Nonreflecting}
}

@techreport{Rennich1997NumericalDirections,
    title = {{Numerical Method for Incompressible Vortical Flows with Two Unbounded Directions}},
    year = {1997},
    booktitle = {JOURNAL OF COMPUTATIONAL PHYSICS},
    author = {Rennich, Steven C and Lele, Sanjiva K},
    pages = {101--129},
    volume = {137}
}

@article{Grosch1977NumericalTransforms,
    title = {{Numerical Solution of Problems in Unbounded Regions: Coordinate Transforms}},
    year = {1977},
    journal = {Journal of Computational Physic},
    author = {Grosch, C. E. and Orzag, S. A.},
    pages = {273--296},
    volume = {25}
}

@techreport{Tsynkov1998NumericalReview,
    title = {{Numerical solution of problems on unbounded domains. A review}},
    year = {1998},
    booktitle = {Applied Numerical Mathematics},
    author = {Tsynkov, Semyon V},
    pages = {465--532},
    volume = {27},
    keywords = {Artificial boundary conditions, Auxiliary problem, Boundary equations with projections, Difference potentials method, Infinite-domain problems, Pseudodifferential equations}
}

@article{Calderon2014OnWings,
    title = {{On the absence of asymmetric wakes for periodically plunging finite wings}},
    year = {2014},
    journal = {Physics of Fluids},
    author = {Calderon, D. E. and Cleaver, D. J. and Gursul, I. and Wang, Z.},
    number = {7},
    month = {7},
    pages = {71907},
    volume = {26},
    publisher = {American Institute of Physics Inc.},
    url = {/aip/pof/article/26/7/071907/258599/On-the-absence-of-asymmetric-wakes-for},
    doi = {10.1063/1.4891256/258599},
    issn = {10897666}
}

@article{JEong1995OnVortex,
    title = {{On the identification of a vortex}},
    year = {1995},
    journal = {Journal of Fluid Mechanics},
    author = {JEong, Jinhee and Hussain, Fazle},
    pages = {69--94},
    volume = {285},
    publisher = {Cambridge University Press},
    url = {https://www.cambridge.org/core/journals/journal-of-fluid-mechanics/article/on-the-identification-of-a-vortex/D26006DDB95FB28DA80E28A581182DF1},
    doi = {10.1017/S0022112095000462},
    issn = {1469-7645}
}

@article{Lauber2023RapidFlight,
    title = {{Rapid flapping and fibre-reinforced membrane wings are key to high-performance bat flight}},
    year = {2023},
    journal = {Journal of the Royal Society Interface},
    author = {Lauber, Marin and Weymouth, Gabriel D. and Limbert, Georges},
    number = {208},
    month = {11},
    volume = {20},
    publisher = {{\\\}The Royal Society{\\\}},
    url = {https://royalsocietypublishing.org/doi/10.1098/rsif.2023.0466},
    doi = {10.1098/RSIF.2023.0466},
    issn = {17425662},
    pmid = {37963557},
    keywords = {bat flight, fibres, fluid–structure, membrane, simulations}
}

@article{Sani1994ResumeMinisymposium,
    title = {{R{\'{e}}sum{\'{e}} and remarks on the open boundary condition minisymposium}},
    year = {1994},
    journal = {International Journal for Numerical Methods in Fluids},
    author = {Sani, R. L. and Gresho, P. M.},
    number = {10},
    pages = {983--1008},
    volume = {18},
    doi = {10.1002/FLD.1650181006},
    issn = {10970363},
    keywords = {Boundary condition, Boussinesq, Navier‐Stokes, Open, Outflow}
}

@article{Levy2022SolvingMethod,
    title = {{Solving nonlinear Klein-Gordon equations on unbounded domains via the finite element method}},
    year = {2022},
    journal = {Physical Review D},
    author = {L{\'{e}}vy, Hugo and Berg{\'{e}}, Joël and Uzan, Jean Philippe},
    number = {12},
    month = {12},
    volume = {106},
    publisher = {American Physical Society},
    doi = {10.1103/PhysRevD.106.124021},
    issn = {24700029}
}

@techreport{Chadwick1976TheExpansion,
    title = {{The Far-Field Oseen Velocity Expansion}},
    year = {1976},
    booktitle = {Source: Proceedings: Mathematical, Physical and Engineering Sciences},
    author = {Chadwick, Edmund},
    pages = {2059--2082},
    volume = {454},
    url = {https://www.jstor.org/stable/53208}
}

@article{Godoy-DianaTransitionFoil,
    title = {{Transition in the wake of a flapping foil}},
    journal = {arXiv},
    author = {Godoy-Diana, R and Aider, J. L. and Wesfreid, J. E.}
}

@inproceedings{Weymouth2023WaterLily.jl:Execution,
    title = {{WaterLily.jl: A differentiable fluid simulator in Julia with fast heterogeneous execution}},
    year = {2023},
    booktitle = {34th International Conference on Parallel Computational Fluid Dynamics},
    author = {Weymouth, Gabriel D and Font, Bernat},
    url = {https://b-fg.github.io},
    arxivId = {2304.08159v1},
    keywords = {Cartesian-grid meth-ods, GPU, Julia, automatic differentiation, heterogeneous-programming}
}